<?xml version="1.0" encoding="UTF-8"?><collection xmlns="http://www.loc.gov/MARC21/slim"><record><leader>00607nam--2200181-i-4500</leader><controlfield tag="001">000035397</controlfield><controlfield tag="002">20161230</controlfield><controlfield tag="005">20161230201040</controlfield><controlfield tag="008">060222s1000------------r-----000-0-eng-d</controlfield><datafield ind1=" " ind2=" " tag="040"><subfield code="a">IFIN-HH</subfield></datafield><datafield ind1=" " ind2=" " tag="080"><subfield code="a">530.1</subfield></datafield><datafield ind1="1" ind2=" " tag="100"><subfield code="a">Odabasi, Halis</subfield></datafield><datafield ind1="1" ind2="0" tag="245"><subfield code="a">Topics in mathematical physics, papers presented at an international symposium held july 28 - aug.2, 1975 at bogazici university, istanbul, turkey</subfield><subfield code="c">Halis odabasi, o. akyuz (eds.)</subfield></datafield><datafield ind1=" " ind2=" " tag="260"><subfield code="a">Boulder, Colorado</subfield><subfield code="b">Associated Univesity Press</subfield><subfield code="c">1977</subfield></datafield><datafield ind1=" " ind2=" " tag="300"><subfield code="a">XI + 279P</subfield></datafield><datafield ind1="1" ind2=" " tag="700"><subfield code="a">Akyuz, O</subfield></datafield><datafield ind1=" " ind2=" " tag="852"><subfield code="a">47023</subfield><subfield code="c">53.02</subfield></datafield><datafield ind1=" " ind2=" " tag="CAT"><subfield code="a">Sys</subfield><subfield code="c">20151021</subfield><subfield code="h">133946</subfield></datafield></record></collection>